%% This BibTeX bibliography file was created using BibDesk.
%% http://bibdesk.sourceforge.net/

%% Created for Andres KÃ¼tt at 2017-12-13 12:34:54 +0200 


%% Saved with string encoding Unicode (UTF-8) 



@book{mitchell2009complexity,
	Author = {Mitchell, Melanie},
	Date-Added = {2017-12-06 16:58:56 +0000},
	Date-Modified = {2017-12-06 16:58:56 +0000},
	Publisher = {Oxford University Press},
	Title = {Complexity: A guided tour},
	Year = {2009}}

@book{hippel,
	Author = {Eric von Hippel},
	Date-Added = {2017-11-22 16:56:42 +0000},
	Date-Modified = {2017-11-22 16:56:42 +0000},
	Publisher = {The MIT Press},
	Title = {Democratizing innovation},
	Year = {2005}}

@book{freedman2013strategy,
	Author = {Freedman, Lawrence},
	Date-Added = {2017-10-02 15:16:03 +0000},
	Date-Modified = {2017-10-02 15:16:03 +0000},
	Publisher = {Oxford University Press},
	Title = {Strategy: a history},
	Year = {2013}}

@article{checkland2000soft,
	Author = {Checkland, Peter},
	Date-Added = {2017-09-23 08:25:02 +0000},
	Date-Modified = {2017-09-23 08:25:02 +0000},
	Journal = {Systems research and behavioral science},
	Number = {S1},
	Pages = {S11},
	Publisher = {Wiley Periodicals Inc.},
	Title = {Soft systems methodology: a thirty year retrospective},
	Volume = {17},
	Year = {2000}}

@book{optner,
	Author = {Stanford L. Optner},
	Date-Added = {2017-09-23 08:18:08 +0000},
	Date-Modified = {2017-09-23 08:19:04 +0000},
	Publisher = {Prentice-Hall},
	Title = {Systems analysis for business and industrial problem solving},
	Year = {1965}}

@book{senge2006fifth,
	Author = {Senge, Peter M},
	Date-Added = {2017-09-16 19:59:07 +0000},
	Date-Modified = {2017-09-16 19:59:07 +0000},
	Publisher = {Broadway Business},
	Title = {The fifth discipline: The art and practice of the learning organization},
	Year = {2006}}

@book{cohen2007influence,
	Author = {Cohen, Allan and Bradford, David},
	Date-Added = {2017-09-16 19:56:56 +0000},
	Date-Modified = {2017-09-16 19:56:56 +0000},
	Publisher = {John Wiley \& Sons},
	Title = {Influence Without Authority 2Nd Ed.},
	Year = {2007}}

@article{cohen1989influence,
	Author = {Cohen, Allan R and Bradford, David L},
	Date-Added = {2017-09-16 19:56:15 +0000},
	Date-Modified = {2017-09-16 19:56:15 +0000},
	Journal = {Organizational Dynamics},
	Number = {3},
	Pages = {5--17},
	Publisher = {Elsevier},
	Title = {Influence without authority: The use of alliances, reciprocity, and exchange to accomplish work},
	Volume = {17},
	Year = {1989}}

@article{senge2002leader,
	Author = {Senge, Peter M},
	Date-Added = {2017-09-12 17:31:13 +0000},
	Date-Modified = {2017-09-12 17:32:36 +0000},
	Journal = {Sloan Management Review},
	Number = {1},
	Title = {The Leader's New Work: Building Learning Organizations},
	Volume = {32},
	Year = {1990},
	Bdsk-File-1 = {YnBsaXN0MDDUAQIDBAUGJCVYJHZlcnNpb25YJG9iamVjdHNZJGFyY2hpdmVyVCR0b3ASAAGGoKgHCBMUFRYaIVUkbnVsbNMJCgsMDxJXTlMua2V5c1pOUy5vYmplY3RzViRjbGFzc6INDoACgAOiEBGABIAFgAdccmVsYXRpdmVQYXRoWWFsaWFzRGF0YV8QQGxlYWRlcnMtbmV3LXdvcmstYnVpbGRpbmctbGVhcm5pbmctb3JnYW5pemF0aW9ucy1wZXRlci1zZW5nZS5wZGbSFwsYGVdOUy5kYXRhTxECPAAAAAACPAACAAAMTWFjaW50b3NoIEhEAAAAAAAAAAAAAAAAAAAAAAAAAEJEAAH/////H2xlYWRlcnMtbmV3LXdvcmstYiNGRkZGRkZGRi5wZGYAAAAAAAAAAAAAAAAAAAAAAAAAAAAAAAAAAAAAAAAAAP////8AAAAAAAAAAAAAAAAAAQACAAAKIGN1AAAAAAAAAAAAAAAAAAxpZHUxMzIxIC0gRUEAAgBuLzpVc2VyczphbmRyZXNreXR0OkRyb3Bib3ggKE9sZCk6aWR1MTMyMSAtIEVBOmxlYWRlcnMtbmV3LXdvcmstYnVpbGRpbmctbGVhcm5pbmctb3JnYW5pemF0aW9ucy1wZXRlci1zZW5nZS5wZGYADgCCAEAAbABlAGEAZABlAHIAcwAtAG4AZQB3AC0AdwBvAHIAawAtAGIAdQBpAGwAZABpAG4AZwAtAGwAZQBhAHIAbgBpAG4AZwAtAG8AcgBnAGEAbgBpAHoAYQB0AGkAbwBuAHMALQBwAGUAdABlAHIALQBzAGUAbgBnAGUALgBwAGQAZgAPABoADABNAGEAYwBpAG4AdABvAHMAaAAgAEgARAASAGxVc2Vycy9hbmRyZXNreXR0L0Ryb3Bib3ggKE9sZCkvaWR1MTMyMSAtIEVBL2xlYWRlcnMtbmV3LXdvcmstYnVpbGRpbmctbGVhcm5pbmctb3JnYW5pemF0aW9ucy1wZXRlci1zZW5nZS5wZGYAEwABLwAAFQACABH//wAAgAbSGxwdHlokY2xhc3NuYW1lWCRjbGFzc2VzXU5TTXV0YWJsZURhdGGjHR8gVk5TRGF0YVhOU09iamVjdNIbHCIjXE5TRGljdGlvbmFyeaIiIF8QD05TS2V5ZWRBcmNoaXZlctEmJ1Ryb290gAEACAARABoAIwAtADIANwBAAEYATQBVAGAAZwBqAGwAbgBxAHMAdQB3AIQAjgDRANYA3gMeAyADJQMwAzkDRwNLA1IDWwNgA20DcAOCA4UDigAAAAAAAAIBAAAAAAAAACgAAAAAAAAAAAAAAAAAAAOM}}

@article{gadiesh2001transforming,
	Author = {Gadiesh, Orit and Gilbert, James L},
	Date-Added = {2017-09-12 17:20:17 +0000},
	Date-Modified = {2017-09-12 17:20:17 +0000},
	Journal = {Harvard business review},
	Number = {5},
	Title = {Transforming corner-office strategy into frontline action},
	Volume = {79},
	Year = {2001},
	Bdsk-File-1 = {YnBsaXN0MDDUAQIDBAUGJCVYJHZlcnNpb25YJG9iamVjdHNZJGFyY2hpdmVyVCR0b3ASAAGGoKgHCBMUFRYaIVUkbnVsbNMJCgsMDxJXTlMua2V5c1pOUy5vYmplY3RzViRjbGFzc6INDoACgAOiEBGABIAFgAdccmVsYXRpdmVQYXRoWWFsaWFzRGF0YV8QHkhCUl9tdXN0X3JlYWRzX29uX1N0cmF0ZWd5LnBkZtIXCxgZV05TLmRhdGFPEQG0AAAAAAG0AAIAAAxNYWNpbnRvc2ggSEQAAAAAAAAAAAAAAAAAAAAAAAAAQkQAAf////8eSEJSX211c3RfcmVhZHNfb25fU3RyYXRlZ3kucGRmAAAAAAAAAAAAAAAAAAAAAAAAAAAAAAAAAAAAAAAAAAAA/////wAAAAAAAAAAAAAAAAABAAIAAAogY3UAAAAAAAAAAAAAAAAADGlkdTEzMjEgLSBFQQACAEwvOlVzZXJzOmFuZHJlc2t5dHQ6RHJvcGJveCAoT2xkKTppZHUxMzIxIC0gRUE6SEJSX211c3RfcmVhZHNfb25fU3RyYXRlZ3kucGRmAA4APgAeAEgAQgBSAF8AbQB1AHMAdABfAHIAZQBhAGQAcwBfAG8AbgBfAFMAdAByAGEAdABlAGcAeQAuAHAAZABmAA8AGgAMAE0AYQBjAGkAbgB0AG8AcwBoACAASABEABIASlVzZXJzL2FuZHJlc2t5dHQvRHJvcGJveCAoT2xkKS9pZHUxMzIxIC0gRUEvSEJSX211c3RfcmVhZHNfb25fU3RyYXRlZ3kucGRmABMAAS8AABUAAgAR//8AAIAG0hscHR5aJGNsYXNzbmFtZVgkY2xhc3Nlc11OU011dGFibGVEYXRhox0fIFZOU0RhdGFYTlNPYmplY3TSGxwiI1xOU0RpY3Rpb25hcnmiIiBfEA9OU0tleWVkQXJjaGl2ZXLRJidUcm9vdIABAAgAEQAaACMALQAyADcAQABGAE0AVQBgAGcAagBsAG4AcQBzAHUAdwCEAI4ArwC0ALwCdAJ2AnsChgKPAp0CoQKoArECtgLDAsYC2ALbAuAAAAAAAAACAQAAAAAAAAAoAAAAAAAAAAAAAAAAAAAC4g==}}

@book{ferenvcik2004survey,
	Author = {Feren{\v{c}}{\'\i}k, Milan},
	Date-Added = {2017-09-09 12:21:54 +0000},
	Date-Modified = {2017-09-09 12:23:12 +0000},
	Publisher = {Pre{\v{s}}ov: Pre{\v{s}}ovsk{\'a} univerzita},
	Title = {A Survey of English stylistics},
	Year = {2004},
	Bdsk-File-1 = {YnBsaXN0MDDUAQIDBAUGJCVYJHZlcnNpb25YJG9iamVjdHNZJGFyY2hpdmVyVCR0b3ASAAGGoKgHCBMUFRYaIVUkbnVsbNMJCgsMDxJXTlMua2V5c1pOUy5vYmplY3RzViRjbGFzc6INDoACgAOiEBGABIAFgAdccmVsYXRpdmVQYXRoWWFsaWFzRGF0YVYwMy5wZGbSFwsYGVdOUy5kYXRhTxEBVAAAAAABVAACAAAMTWFjaW50b3NoIEhEAAAAAAAAAAAAAAAAAAAAAAAAAEJEAAH/////BjAzLnBkZgAAAAAAAAAAAAAAAAAAAAAAAAAAAAAAAAAAAAAAAAAAAAAAAAAAAAAAAAAAAAAAAAAAAAAAAAAAAP////8AAAAAAAAAAAAAAAAAAQACAAAKIGN1AAAAAAAAAAAAAAAAAAxpZHUxMzIxIC0gRUEAAgA0LzpVc2VyczphbmRyZXNreXR0OkRyb3Bib3ggKE9sZCk6aWR1MTMyMSAtIEVBOjAzLnBkZgAOAA4ABgAwADMALgBwAGQAZgAPABoADABNAGEAYwBpAG4AdABvAHMAaAAgAEgARAASADJVc2Vycy9hbmRyZXNreXR0L0Ryb3Bib3ggKE9sZCkvaWR1MTMyMSAtIEVBLzAzLnBkZgATAAEvAAAVAAIAEf//AACABtIbHB0eWiRjbGFzc25hbWVYJGNsYXNzZXNdTlNNdXRhYmxlRGF0YaMdHyBWTlNEYXRhWE5TT2JqZWN00hscIiNcTlNEaWN0aW9uYXJ5oiIgXxAPTlNLZXllZEFyY2hpdmVy0SYnVHJvb3SAAQAIABEAGgAjAC0AMgA3AEAARgBNAFUAYABnAGoAbABuAHEAcwB1AHcAhACOAJUAmgCiAfoB/AIBAgwCFQIjAicCLgI3AjwCSQJMAl4CYQJmAAAAAAAAAgEAAAAAAAAAKAAAAAAAAAAAAAAAAAAAAmg=}}

@book{tufte,
	Author = {Edward R. Tufte},
	Date-Added = {2017-09-09 09:43:49 +0000},
	Date-Modified = {2017-09-09 09:44:35 +0000},
	Edition = {2nd},
	Publisher = {Graphics Press},
	Title = {The Visual Display of Quantitative Information},
	Year = {2001}}

@article{shannon2001mathematical,
	Author = {Shannon, Claude E},
	Date-Added = {2017-09-09 09:31:23 +0000},
	Date-Modified = {2017-09-09 09:31:23 +0000},
	Journal = {ACM SIGMOBILE Mobile Computing and Communications Review},
	Number = {1},
	Pages = {3--55},
	Publisher = {ACM},
	Title = {A mathematical theory of communication},
	Volume = {5},
	Year = {2001}}

@article{box1976science,
	Author = {Box, George E. P.},
	Date-Added = {2017-09-09 09:06:32 +0000},
	Date-Modified = {2017-09-09 09:06:32 +0000},
	Journal = {Journal of the American Statistical Association},
	Number = {356},
	Pages = {791--799},
	Publisher = {Taylor \& Francis},
	Title = {Science and statistics},
	Volume = {71},
	Year = {1976},
	Bdsk-File-1 = {YnBsaXN0MDDUAQIDBAUGJCVYJHZlcnNpb25YJG9iamVjdHNZJGFyY2hpdmVyVCR0b3ASAAGGoKgHCBMUFRYaIVUkbnVsbNMJCgsMDxJXTlMua2V5c1pOUy5vYmplY3RzViRjbGFzc6INDoACgAOiEBGABIAFgAdccmVsYXRpdmVQYXRoWWFsaWFzRGF0YV8QYi4uLy4uL0thYXJ0L1ByZXNlbnRhdHNpb29uaWQvUHJlc2VudGF0c2lvb25pZC9pdF9zdHJhdGVlZ2lhL19zaXRlL2l0X3N0cmF0ZWVnaWEvZXN0L0JveG9ubWF0aHMucGRm0hcLGBlXTlMuZGF0YU8RAdQAAAAAAdQAAgAADE1hY2ludG9zaCBIRAAAAAAAAAAAAAAAAAAAAAAAAABCRAAB/////w5Cb3hvbm1hdGhzLnBkZgAAAAAAAAAAAAAAAAAAAAAAAAAAAAAAAAAAAAAAAAAAAAAAAAAAAAAAAAAAAAAAAAD/////AAAAAAAAAAAAAAAAAAIACAAACiBjdQAAAAAAAAAAAAAAAAADZXN0AAACAG8vOlVzZXJzOmFuZHJlc2t5dHQ6S2FhcnQ6UHJlc2VudGF0c2lvb25pZDpQcmVzZW50YXRzaW9vbmlkOml0X3N0cmF0ZWVnaWE6X3NpdGU6aXRfc3RyYXRlZWdpYTplc3Q6Qm94b25tYXRocy5wZGYAAA4AHgAOAEIAbwB4AG8AbgBtAGEAdABoAHMALgBwAGQAZgAPABoADABNAGEAYwBpAG4AdABvAHMAaAAgAEgARAASAG1Vc2Vycy9hbmRyZXNreXR0L0thYXJ0L1ByZXNlbnRhdHNpb29uaWQvUHJlc2VudGF0c2lvb25pZC9pdF9zdHJhdGVlZ2lhL19zaXRlL2l0X3N0cmF0ZWVnaWEvZXN0L0JveG9ubWF0aHMucGRmAAATAAEvAAAVAAIAEf//AACABtIbHB0eWiRjbGFzc25hbWVYJGNsYXNzZXNdTlNNdXRhYmxlRGF0YaMdHyBWTlNEYXRhWE5TT2JqZWN00hscIiNcTlNEaWN0aW9uYXJ5oiIgXxAPTlNLZXllZEFyY2hpdmVy0SYnVHJvb3SAAQAIABEAGgAjAC0AMgA3AEAARgBNAFUAYABnAGoAbABuAHEAcwB1AHcAhACOAPMA+AEAAtgC2gLfAuoC8wMBAwUDDAMVAxoDJwMqAzwDPwNEAAAAAAAAAgEAAAAAAAAAKAAAAAAAAAAAAAAAAAAAA0Y=}}

@article{fatolahi2006investigation,
	Author = {Fatolahi, Ali and Shams, Fereidoon},
	Date-Added = {2017-09-09 08:13:38 +0000},
	Date-Modified = {2017-09-09 08:13:38 +0000},
	Journal = {Information Systems Frontiers},
	Number = {2},
	Pages = {133--143},
	Publisher = {Springer},
	Title = {An investigation into applying UML to the Zachman framework},
	Volume = {8},
	Year = {2006}}

@article{heumann2005introduction,
	Author = {Jim Heumann},
	Date-Added = {2017-09-09 08:09:13 +0000},
	Date-Modified = {2017-09-09 08:10:52 +0000},
	Journal = {The Rational Edge},
	Month = {March},
	Title = {Introduction to business modeling using the Unified Modeling Language (UML), The Rational Edge, March 2001},
	Year = {2001},
	Bdsk-File-1 = {YnBsaXN0MDDUAQIDBAUGJCVYJHZlcnNpb25YJG9iamVjdHNZJGFyY2hpdmVyVCR0b3ASAAGGoKgHCBMUFRYaIVUkbnVsbNMJCgsMDxJXTlMua2V5c1pOUy5vYmplY3RzViRjbGFzc6INDoACgAOiEBGABIAFgAdccmVsYXRpdmVQYXRoWWFsaWFzRGF0YV8QdmNvbnRhaW5lciU1Q1JlcXVpcmVtZW50cyBNYW5hZ2VtZW50JTVDSW50cm9kdWN0aW9uIHRvIEJ1c2luZXNzIE1vZGVsaW5nIFVzaW5nIHRoZSBVTUwgLSBUaGUgUmF0aW9uYWwgRWRnZSAtIE1hciAwMS5wZGbSFwsYGVdOUy5kYXRhTxEDFAAAAAADFAACAAAMTWFjaW50b3NoIEhEAAAAAAAAAAAAAAAAAAAAAAAAAEJEAAH/////H2NvbnRhaW5lciU1Q1JlcXVpciNGRkZGRkZGRi5wZGYAAAAAAAAAAAAAAAAAAAAAAAAAAAAAAAAAAAAAAAAAAP////8AAAAAAAAAAAAAAAAAAQACAAAKIGN1AAAAAAAAAAAAAAAAAAxpZHUxMzIxIC0gRUEAAgCkLzpVc2VyczphbmRyZXNreXR0OkRyb3Bib3ggKE9sZCk6aWR1MTMyMSAtIEVBOmNvbnRhaW5lciU1Q1JlcXVpcmVtZW50cyBNYW5hZ2VtZW50JTVDSW50cm9kdWN0aW9uIHRvIEJ1c2luZXNzIE1vZGVsaW5nIFVzaW5nIHRoZSBVTUwgLSBUaGUgUmF0aW9uYWwgRWRnZSAtIE1hciAwMS5wZGYADgDuAHYAYwBvAG4AdABhAGkAbgBlAHIAJQA1AEMAUgBlAHEAdQBpAHIAZQBtAGUAbgB0AHMAIABNAGEAbgBhAGcAZQBtAGUAbgB0ACUANQBDAEkAbgB0AHIAbwBkAHUAYwB0AGkAbwBuACAAdABvACAAQgB1AHMAaQBuAGUAcwBzACAATQBvAGQAZQBsAGkAbgBnACAAVQBzAGkAbgBnACAAdABoAGUAIABVAE0ATAAgAC0AIABUAGgAZQAgAFIAYQB0AGkAbwBuAGEAbAAgAEUAZABnAGUAIAAtACAATQBhAHIAIAAwADEALgBwAGQAZgAPABoADABNAGEAYwBpAG4AdABvAHMAaAAgAEgARAASAKJVc2Vycy9hbmRyZXNreXR0L0Ryb3Bib3ggKE9sZCkvaWR1MTMyMSAtIEVBL2NvbnRhaW5lciU1Q1JlcXVpcmVtZW50cyBNYW5hZ2VtZW50JTVDSW50cm9kdWN0aW9uIHRvIEJ1c2luZXNzIE1vZGVsaW5nIFVzaW5nIHRoZSBVTUwgLSBUaGUgUmF0aW9uYWwgRWRnZSAtIE1hciAwMS5wZGYAEwABLwAAFQACABH//wAAgAbSGxwdHlokY2xhc3NuYW1lWCRjbGFzc2VzXU5TTXV0YWJsZURhdGGjHR8gVk5TRGF0YVhOU09iamVjdNIbHCIjXE5TRGljdGlvbmFyeaIiIF8QD05TS2V5ZWRBcmNoaXZlctEmJ1Ryb290gAEACAARABoAIwAtADIANwBAAEYATQBVAGAAZwBqAGwAbgBxAHMAdQB3AIQAjgEHAQwBFAQsBC4EMwQ+BEcEVQRZBGAEaQRuBHsEfgSQBJMEmAAAAAAAAAIBAAAAAAAAACgAAAAAAAAAAAAAAAAAAASa}}

@article{wohed2006suitability,
	Author = {Wohed, Petia and van der Aalst, Wil MP and Dumas, Marlon and ter Hofstede, Arthur HM and Russell, Nick},
	Date-Added = {2017-09-09 07:55:02 +0000},
	Date-Modified = {2017-09-09 07:55:02 +0000},
	Journal = {Business Process Management},
	Pages = {161--176},
	Publisher = {Springer},
	Title = {On the suitability of BPMN for business process modelling},
	Volume = {4102},
	Year = {2006},
	Bdsk-File-1 = {YnBsaXN0MDDUAQIDBAUGJCVYJHZlcnNpb25YJG9iamVjdHNZJGFyY2hpdmVyVCR0b3ASAAGGoKgHCBMUFRYaIVUkbnVsbNMJCgsMDxJXTlMua2V5c1pOUy5vYmplY3RzViRjbGFzc6INDoACgAOiEBGABIAFgAdccmVsYXRpdmVQYXRoWWFsaWFzRGF0YVo1MTIzXzEucGRm0hcLGBlXTlMuZGF0YU8RAWQAAAAAAWQAAgAADE1hY2ludG9zaCBIRAAAAAAAAAAAAAAAAAAAAAAAAABCRAAB/////wo1MTIzXzEucGRmAAAAAAAAAAAAAAAAAAAAAAAAAAAAAAAAAAAAAAAAAAAAAAAAAAAAAAAAAAAAAAAAAAAAAAD/////AAAAAAAAAAAAAAAAAAEAAgAACiBjdQAAAAAAAAAAAAAAAAAMaWR1MTMyMSAtIEVBAAIAOC86VXNlcnM6YW5kcmVza3l0dDpEcm9wYm94IChPbGQpOmlkdTEzMjEgLSBFQTo1MTIzXzEucGRmAA4AFgAKADUAMQAyADMAXwAxAC4AcABkAGYADwAaAAwATQBhAGMAaQBuAHQAbwBzAGgAIABIAEQAEgA2VXNlcnMvYW5kcmVza3l0dC9Ecm9wYm94IChPbGQpL2lkdTEzMjEgLSBFQS81MTIzXzEucGRmABMAAS8AABUAAgAR//8AAIAG0hscHR5aJGNsYXNzbmFtZVgkY2xhc3Nlc11OU011dGFibGVEYXRhox0fIFZOU0RhdGFYTlNPYmplY3TSGxwiI1xOU0RpY3Rpb25hcnmiIiBfEA9OU0tleWVkQXJjaGl2ZXLRJidUcm9vdIABAAgAEQAaACMALQAyADcAQABGAE0AVQBgAGcAagBsAG4AcQBzAHUAdwCEAI4AmQCeAKYCDgIQAhUCIAIpAjcCOwJCAksCUAJdAmACcgJ1AnoAAAAAAAACAQAAAAAAAAAoAAAAAAAAAAAAAAAAAAACfA==}}

@inproceedings{winter2006essential,
	Author = {Winter, Robert and Fischer, Ronny},
	Booktitle = {Enterprise Distributed Object Computing Conference Workshops, 2006. EDOCW'06. 10th IEEE International},
	Date-Added = {2017-09-03 15:52:24 +0000},
	Date-Modified = {2017-09-03 15:52:24 +0000},
	Organization = {IEEE},
	Pages = {30--30},
	Title = {Essential layers, artifacts, and dependencies of enterprise architecture},
	Year = {2006},
	Bdsk-File-1 = {YnBsaXN0MDDUAQIDBAUGJCVYJHZlcnNpb25YJG9iamVjdHNZJGFyY2hpdmVyVCR0b3ASAAGGoKgHCBMUFRYaIVUkbnVsbNMJCgsMDxJXTlMua2V5c1pOUy5vYmplY3RzViRjbGFzc6INDoACgAOiEBGABIAFgAdccmVsYXRpdmVQYXRoWWFsaWFzRGF0YV8QJldpRmkwN19Fc3NlbnRpYWxMYXllcnNfSkVBX01heTIwMDcucGRm0hcLGBlXTlMuZGF0YU8RAdQAAAAAAdQAAgAADE1hY2ludG9zaCBIRAAAAAAAAAAAAAAAAAAAAAAAAABCRAAB/////x9XaUZpMDdfRXNzZW50aWFsTGEjRkZGRkZGRkYucGRmAAAAAAAAAAAAAAAAAAAAAAAAAAAAAAAAAAAAAAAAAAD/////AAAAAAAAAAAAAAAAAAEAAgAACiBjdQAAAAAAAAAAAAAAAAAMaWR1MTMyMSAtIEVBAAIAVC86VXNlcnM6YW5kcmVza3l0dDpEcm9wYm94IChPbGQpOmlkdTEzMjEgLSBFQTpXaUZpMDdfRXNzZW50aWFsTGF5ZXJzX0pFQV9NYXkyMDA3LnBkZgAOAE4AJgBXAGkARgBpADAANwBfAEUAcwBzAGUAbgB0AGkAYQBsAEwAYQB5AGUAcgBzAF8ASgBFAEEAXwBNAGEAeQAyADAAMAA3AC4AcABkAGYADwAaAAwATQBhAGMAaQBuAHQAbwBzAGgAIABIAEQAEgBSVXNlcnMvYW5kcmVza3l0dC9Ecm9wYm94IChPbGQpL2lkdTEzMjEgLSBFQS9XaUZpMDdfRXNzZW50aWFsTGF5ZXJzX0pFQV9NYXkyMDA3LnBkZgATAAEvAAAVAAIAEf//AACABtIbHB0eWiRjbGFzc25hbWVYJGNsYXNzZXNdTlNNdXRhYmxlRGF0YaMdHyBWTlNEYXRhWE5TT2JqZWN00hscIiNcTlNEaWN0aW9uYXJ5oiIgXxAPTlNLZXllZEFyY2hpdmVy0SYnVHJvb3SAAQAIABEAGgAjAC0AMgA3AEAARgBNAFUAYABnAGoAbABuAHEAcwB1AHcAhACOALcAvADEApwCngKjAq4CtwLFAskC0ALZAt4C6wLuAwADAwMIAAAAAAAAAgEAAAAAAAAAKAAAAAAAAAAAAAAAAAAAAwo=}}

@incollection{bertin2014urbanization,
	Author = {Bertin, Emmanuel and Crespi, Noel},
	Booktitle = {Digital Enterprise Design \& Management},
	Date-Added = {2017-09-03 07:11:16 +0000},
	Date-Modified = {2017-09-03 07:11:16 +0000},
	Pages = {83--91},
	Publisher = {Springer},
	Title = {Urbanization of information systems: an outdated method?},
	Year = {2014},
	Bdsk-File-1 = {YnBsaXN0MDDUAQIDBAUGJCVYJHZlcnNpb25YJG9iamVjdHNZJGFyY2hpdmVyVCR0b3ASAAGGoKgHCBMUFRYaIVUkbnVsbNMJCgsMDxJXTlMua2V5c1pOUy5vYmplY3RzViRjbGFzc6INDoACgAOiEBGABIAFgAdccmVsYXRpdmVQYXRoWWFsaWFzRGF0YV8QUjIwMTQtMDItRW1tYW51ZWwtQmVydGluLVVyYmFuaXphdGlvbi1vZi1JbmZvcm1hdGlvbi1TeXN0ZW1zLWFuLW91dGRhdGVkLW1ldGhvZC5wZGbSFwsYGVdOUy5kYXRhTxEChAAAAAAChAACAAAMTWFjaW50b3NoIEhEAAAAAAAAAAAAAAAAAAAAAAAAAEJEAAH/////HzIwMTQtMDItRW1tYW51ZWwtQiNGRkZGRkZGRi5wZGYAAAAAAAAAAAAAAAAAAAAAAAAAAAAAAAAAAAAAAAAAAP////8AAAAAAAAAAAAAAAAAAQACAAAKIGN1AAAAAAAAAAAAAAAAAAxpZHUxMzIxIC0gRUEAAgCALzpVc2VyczphbmRyZXNreXR0OkRyb3Bib3ggKE9sZCk6aWR1MTMyMSAtIEVBOjIwMTQtMDItRW1tYW51ZWwtQmVydGluLVVyYmFuaXphdGlvbi1vZi1JbmZvcm1hdGlvbi1TeXN0ZW1zLWFuLW91dGRhdGVkLW1ldGhvZC5wZGYADgCmAFIAMgAwADEANAAtADAAMgAtAEUAbQBtAGEAbgB1AGUAbAAtAEIAZQByAHQAaQBuAC0AVQByAGIAYQBuAGkAegBhAHQAaQBvAG4ALQBvAGYALQBJAG4AZgBvAHIAbQBhAHQAaQBvAG4ALQBTAHkAcwB0AGUAbQBzAC0AYQBuAC0AbwB1AHQAZABhAHQAZQBkAC0AbQBlAHQAaABvAGQALgBwAGQAZgAPABoADABNAGEAYwBpAG4AdABvAHMAaAAgAEgARAASAH5Vc2Vycy9hbmRyZXNreXR0L0Ryb3Bib3ggKE9sZCkvaWR1MTMyMSAtIEVBLzIwMTQtMDItRW1tYW51ZWwtQmVydGluLVVyYmFuaXphdGlvbi1vZi1JbmZvcm1hdGlvbi1TeXN0ZW1zLWFuLW91dGRhdGVkLW1ldGhvZC5wZGYAEwABLwAAFQACABH//wAAgAbSGxwdHlokY2xhc3NuYW1lWCRjbGFzc2VzXU5TTXV0YWJsZURhdGGjHR8gVk5TRGF0YVhOU09iamVjdNIbHCIjXE5TRGljdGlvbmFyeaIiIF8QD05TS2V5ZWRBcmNoaXZlctEmJ1Ryb290gAEACAARABoAIwAtADIANwBAAEYATQBVAGAAZwBqAGwAbgBxAHMAdQB3AIQAjgDjAOgA8AN4A3oDfwOKA5MDoQOlA6wDtQO6A8cDygPcA98D5AAAAAAAAAIBAAAAAAAAACgAAAAAAAAAAAAAAAAAAAPm}}

@article{maccormack2012exploring,
	Author = {MacCormack, Alan and Baldwin, Carliss and Rusnak, John},
	Date-Added = {2017-09-03 06:51:31 +0000},
	Date-Modified = {2017-09-03 06:51:31 +0000},
	Journal = {Research Policy},
	Number = {8},
	Pages = {1309--1324},
	Publisher = {Elsevier},
	Title = {Exploring the duality between product and organizational architectures: A test of the ``mirroring'' hypothesis},
	Volume = {41},
	Year = {2012}}

@article{conway1968committees,
	Author = {Conway, Melvin E},
	Date-Added = {2017-09-03 06:47:57 +0000},
	Date-Modified = {2017-09-03 06:47:57 +0000},
	Journal = {Datamation},
	Number = {4},
	Pages = {28--31},
	Title = {How do committees invent},
	Volume = {14},
	Year = {1968},
	Bdsk-File-1 = {YnBsaXN0MDDUAQIDBAUGJCVYJHZlcnNpb25YJG9iamVjdHNZJGFyY2hpdmVyVCR0b3ASAAGGoKgHCBMUFRYaIVUkbnVsbNMJCgsMDxJXTlMua2V5c1pOUy5vYmplY3RzViRjbGFzc6INDoACgAOiEBGABIAFgAdccmVsYXRpdmVQYXRoWWFsaWFzRGF0YV5jb21taXR0ZWVzLnBkZtIXCxgZV05TLmRhdGFPEQF0AAAAAAF0AAIAAAxNYWNpbnRvc2ggSEQAAAAAAAAAAAAAAAAAAAAAAAAAQkQAAf////8OY29tbWl0dGVlcy5wZGYAAAAAAAAAAAAAAAAAAAAAAAAAAAAAAAAAAAAAAAAAAAAAAAAAAAAAAAAAAAAAAAAA/////wAAAAAAAAAAAAAAAAABAAIAAAogY3UAAAAAAAAAAAAAAAAADGlkdTEzMjEgLSBFQQACADwvOlVzZXJzOmFuZHJlc2t5dHQ6RHJvcGJveCAoT2xkKTppZHUxMzIxIC0gRUE6Y29tbWl0dGVlcy5wZGYADgAeAA4AYwBvAG0AbQBpAHQAdABlAGUAcwAuAHAAZABmAA8AGgAMAE0AYQBjAGkAbgB0AG8AcwBoACAASABEABIAOlVzZXJzL2FuZHJlc2t5dHQvRHJvcGJveCAoT2xkKS9pZHUxMzIxIC0gRUEvY29tbWl0dGVlcy5wZGYAEwABLwAAFQACABH//wAAgAbSGxwdHlokY2xhc3NuYW1lWCRjbGFzc2VzXU5TTXV0YWJsZURhdGGjHR8gVk5TRGF0YVhOU09iamVjdNIbHCIjXE5TRGljdGlvbmFyeaIiIF8QD05TS2V5ZWRBcmNoaXZlctEmJ1Ryb290gAEACAARABoAIwAtADIANwBAAEYATQBVAGAAZwBqAGwAbgBxAHMAdQB3AIQAjgCdAKIAqgIiAiQCKQI0Aj0CSwJPAlYCXwJkAnECdAKGAokCjgAAAAAAAAIBAAAAAAAAACgAAAAAAAAAAAAAAAAAAAKQ}}

@book{crawley2015system,
	Author = {Crawley, Edward and Cameron, Bruce and Selva, Daniel},
	Date-Added = {2017-08-27 16:27:42 +0000},
	Date-Modified = {2017-08-27 16:27:42 +0000},
	Publisher = {Prentice Hall Press},
	Title = {System architecture: Strategy and product development for complex systems},
	Year = {2015}}

@incollection{holt2017so,
	Author = {Holt, Steven and Collopy, Paul and DeTurris, Dianne},
	Booktitle = {Transdisciplinary Perspectives on Complex Systems},
	Date-Added = {2017-08-08 19:31:18 +0000},
	Date-Modified = {2017-08-08 19:31:18 +0000},
	Pages = {25--48},
	Publisher = {Springer},
	Title = {So It's Complex, Why Do I Care?},
	Year = {2017},
	Bdsk-File-1 = {YnBsaXN0MDDUAQIDBAUGJCVYJHZlcnNpb25YJG9iamVjdHNZJGFyY2hpdmVyVCR0b3ASAAGGoKgHCBMUFRYaIVUkbnVsbNMJCgsMDxJXTlMua2V5c1pOUy5vYmplY3RzViRjbGFzc6INDoACgAOiEBGABIAFgAdccmVsYXRpdmVQYXRoWWFsaWFzRGF0YV8QJGM0MDU0MmU4Njk2YTJhY2RkOTc1OTRjZDRlMDkyZDBhLnBkZtIXCxgZV05TLmRhdGFPEQHMAAAAAAHMAAIAAAxNYWNpbnRvc2ggSEQAAAAAAAAAAAAAAAAAAAAAAAAAQkQAAf////8fYzQwNTQyZTg2OTZhMmFjZGQ5I0ZGRkZGRkZGLnBkZgAAAAAAAAAAAAAAAAAAAAAAAAAAAAAAAAAAAAAAAAAA/////wAAAAAAAAAAAAAAAAABAAIAAAogY3UAAAAAAAAAAAAAAAAADGlkdTEzMjEgLSBFQQACAFIvOlVzZXJzOmFuZHJlc2t5dHQ6RHJvcGJveCAoT2xkKTppZHUxMzIxIC0gRUE6YzQwNTQyZTg2OTZhMmFjZGQ5NzU5NGNkNGUwOTJkMGEucGRmAA4ASgAkAGMANAAwADUANAAyAGUAOAA2ADkANgBhADIAYQBjAGQAZAA5ADcANQA5ADQAYwBkADQAZQAwADkAMgBkADAAYQAuAHAAZABmAA8AGgAMAE0AYQBjAGkAbgB0AG8AcwBoACAASABEABIAUFVzZXJzL2FuZHJlc2t5dHQvRHJvcGJveCAoT2xkKS9pZHUxMzIxIC0gRUEvYzQwNTQyZTg2OTZhMmFjZGQ5NzU5NGNkNGUwOTJkMGEucGRmABMAAS8AABUAAgAR//8AAIAG0hscHR5aJGNsYXNzbmFtZVgkY2xhc3Nlc11OU011dGFibGVEYXRhox0fIFZOU0RhdGFYTlNPYmplY3TSGxwiI1xOU0RpY3Rpb25hcnmiIiBfEA9OU0tleWVkQXJjaGl2ZXLRJidUcm9vdIABAAgAEQAaACMALQAyADcAQABGAE0AVQBgAGcAagBsAG4AcQBzAHUAdwCEAI4AtQC6AMICkgKUApkCpAKtArsCvwLGAs8C1ALhAuQC9gL5Av4AAAAAAAACAQAAAAAAAAAoAAAAAAAAAAAAAAAAAAADAA==}}

@book{longepe2003enterprise,
	Author = {Long{\'e}p{\'e}, Christophe},
	Date-Added = {2017-08-04 13:12:11 +0000},
	Date-Modified = {2017-08-04 13:12:11 +0000},
	Publisher = {Elsevier},
	Title = {The enterprise architecture IT project: the urbanisation paradigm},
	Year = {2003}}

@book{umldistilled,
	Author = {Martin Fowler},
	Date-Added = {2017-08-04 12:41:20 +0000},
	Date-Modified = {2017-08-04 12:42:18 +0000},
	Edition = {3},
	Editor = {Margus Freudenthal and Vello Hanson},
	Publisher = {Cybernetica},
	Title = {UMLi kontsentraat : objektmodelleerimise standardkeele UML 2.0 l{\"u}hijuhend},
	Year = {2007}}

@misc{OPM,
	Author = {Olivier de Weck},
	Date-Added = {2017-08-04 12:36:50 +0000},
	Date-Modified = {2017-08-04 12:38:58 +0000},
	Publisher = {Massachusetts Institute of Technology: MIT OpenCourseWare, \url{https://ocw.mit.edu}.},
	Title = {16.842 Fundamentals of Systems Engineering. Fall 2015. Session 3 \url{https://ocw.mit.edu/courses/aeronautics-and-astronautics/16-842-fundamentals-of-systems-engineering-fall-2015/lecture-notes/MIT16_842F15_Ses3_sysmodlg.pdf}},
	Year = {2015}}

@book{stanford2005guide,
	Author = {Stanford, Naomi},
	Date-Added = {2017-08-04 12:07:29 +0000},
	Date-Modified = {2017-08-04 12:08:19 +0000},
	Edition = {2},
	Publisher = {Profile Books},
	Title = {Guide to organisation design},
	Year = {2015}}

@book{simon1996sciences,
	Author = {Simon, Herbert Alexander},
	Date-Added = {2017-08-04 12:01:48 +0000},
	Date-Modified = {2017-08-04 12:02:40 +0000},
	Edition = {3rd},
	Publisher = {MIT press},
	Title = {The sciences of the artificial},
	Year = {1996}}

@unpublished{sysengineering,
	Author = {Edward Crawley and Oliver de Weck},
	Date-Added = {2017-08-04 11:48:30 +0000},
	Date-Modified = {2017-09-03 07:25:51 +0000},
	Note = {\url{http://web.mit.edu/deweck/www/PDF_archive/4%20Other%20Major%20Pubs/4_2_AFOSR_MIT-Crawley_deWeck.pdf}},
	Title = {{System Architecture. An Overview and Agenda}},
	Year = {2002}}

@misc{hickey,
	Author = {Kevin Hickey},
	Date-Added = {2017-08-04 11:33:20 +0000},
	Date-Modified = {2017-08-04 12:31:25 +0000},
	Title = {The Role of an Enterprise Architect in a Lean Enterprise \url{https://martinfowler.com/articles/ea-in-lean-enterprise.html}},
	Year = {2015}}

@article{parsons2005enterprise,
	Author = {Rebecca J. Parsons},
	Date-Added = {2017-08-04 11:27:13 +0000},
	Date-Modified = {2017-08-04 11:29:45 +0000},
	Journal = {IEEE Software},
	Number = {5},
	Pages = {16--17},
	Publisher = {IEEE},
	Title = {Enterprise architects join the team},
	Volume = {22},
	Year = {2005}}
